@MISC{disico,
    author = {{Universidad de Valparaíso}},
    title     = { Dirección de Servicios de Información y Computación},
    howpublished  = {Último acceso: 4 Abril 2012, \url{http://www.disico.uv.cl}},
}

@BOOK{sommerville,
    author={Ian Sommerville},
    title={Ingenieria de Software},
    publisher={Pearson Addison Wesley},
    year={2005},
    note={7ma Edición},
}

@MastersThesis{paloma,
    author  =    {Paloma Méndez},
    type     =    {{Trabajo de Título}},
    title      =    "{Desarrollo de Metodologías de SQA y SCM para la Dirección de Servicios de Información y Computación}",
    school  =    {Universidad de Valparaíso},
    year     =    {2011},
}

@MISC{decreto427,
    author = {{Rectoría de la Universidad de Valparaíso}},
    title     = { Decreto Universitario Nº427},
    howpublished  = {Último acceso: 4 Abril 2012, \url{http://disico.uv.cl/images/docs/decreto427.pdf}},
}

@MISC{decreto03301,
    author = {{Rectoría de la Universidad de Valparaíso}},
    title     = { Decreto Exento Nº 03301},
    howpublished  = {Último acceso: 27 Junio 2012, \url{http://uv.cl/universidad/descargas/archivos/decreto_03301.pdf}},
    year = {2009},
}

@MISC{normasGraficas,
    author = {{Dirección de Extensión y Comunicaciones}},
    title     = { Manual de Normas Gráficas de la Universidad de Valparaíso},
    howpublished  = {Último acceso: 27 Junio 2012, \url{http://uv.cl/universidad/descargas/archivos/manualdenormasUV.pdf}},
    year = {2009},
}


@misc{ieee610.12:1990,
  added-at = {2009-10-14T21:30:02.000+0200},
  author = {{The Institute of Electrical and Eletronics Engineers}},
  biburl = {http://www.bibsonomy.org/bibtex/2e4b14a7b038dad612319f64a3415a341/magsilva},
  howpublished = {IEEE Standard},
  interhash = {80099e674fe84051a6618e333c05d8ff},
  intrahash = {e4b14a7b038dad612319f64a3415a341},
  keywords = {imported},
  month = {September},
  owner = {magsilva},
  timestamp = {2009-10-14T21:30:02.000+0200},
  title = {{IEEE Standard Glossary of Software Engineering Terminology}},
  year = 1990
}

@MISC{helpdesk,
	author = {{Coasin Group}},
	title={{Mesa de Ayuda TI}},
	howpublished  = {Último acceso: 25 Abril 2012, \url{http://www.coasin.cl/index.php?id=246}},
}

@MISC{osticket,
	author = {{osTicket}},
	title={{osTicket Support Ticket System}},
	howpublished  = {Último acceso: 25 Abril 2012, \url{http://osticket.com/}},
}

@MISC{hesk,
	author = {{Hesk}},
	title={{Hesk Software Help}},
	howpublished  = {Último acceso: 25 Abril 2012, \url{http://www.hesk.com}},
}

@MISC{otrs,
	author = {{OTRS Group}},
	title={{OTRS Help Desk}},
	howpublished  = {Último acceso: 25 Abril 2012, \url{http://www.otrs.com/es}},
}

@MISC{SysAid,
	author = {{SysAid Technologies}},
	title={{SysAid IT}},
	howpublished  = {Último acceso: 30 Abril 2012, \url{http://www.sysaid.com}},
}

@MISC{changeGear,
	author = {{Sun View}},
	title={{ChangeGear - Service Desk}},
	howpublished  = {Último acceso: 25 Abril 2012, \url{http://www.sunviewsoftware.com/products/servicedesk.aspx}},
}

@MISC{itil_v3,
    author = {{Osiatis}},
    title     = {{ITIL V3 Gestión de Servicios TI}},
    howpublished  = {Último acceso: 1 Mayo 2012, \url{http://itilv3.osiatis.es/}},
}

@Book{IEEE828,
    author = {{IEEE}},
    title     = {{IEEE Standard for Software Configuration Management Plans}},
    publisher = {{The Institute of Electrical and Electronics Engineers, Inc.}},
    year = {2005},
}

@Book{IEEE828_2012,
    author = {{IEEE}},
    title     = {{IEEE Standard for Configuration Management in Systems and Software Engineering}},
    publisher = {{The Institute of Electrical and Electronics Engineers, Inc.}},
    year = {2012},
}

@Manual{iso10007,
  author = "{International Organization for Standardization}",
  title =	 "{ISO} 10007: 2003 -- Quality management systems -- Guidelines for configuration management",
  year =  "2003",
}

@MISC{glassfish,
    author = {{Oracle Corporation}},
    title     = {GlassFish},
    howpublished  = {Último acceso: 4 Abril 2012, \url{http://glassfish.java.net/es/}},
}

@MISC{hibernate,
    author = {{JBoss Community}},
    title     = {Hibernate},
    howpublished  = {Último acceso: 6 Abril 2012, \url{http://www.hibernate.org/}},
}

@MISC{primefaces,
    author = {{Prime Technology}},
    title     = {PrimeFaces},
    howpublished  = {Último acceso: 7 Abril 2012, \url{http://primefaces.org/}},
}

@MISC{netbeans,
    author = {{Oracle Corporation}},
    title     = {Netbeans},
    howpublished  = {Último acceso: 4 Abril 2012, \url{http://netbeans.org/}},
}

@MISC{sqlserver,
    author = {{Micrososf}},
    title     = {SQL Server},
    howpublished  = {Último acceso: 9 Abril 2012, \url{http://www.microsoft.com/es-es/sqlserver/default.aspx}},
}

@MISC{javaee,
    author = {{Oracle}},
    title     = {The Java EE 6 Tutorial},
    howpublished  = {Último acceso: 1 Junio 2012, \url{http://docs.oracle.com/javaee/6/tutorial/doc/}},
}

@MISC{junit,
    author = {{Object Mentor}},
    title     = {JUnit.org Resources for Test Driven Development},
    howpublished  = {Último acceso: 24 Junio 2012, 
    \url{http://www.junit.org/}},
}

@MISC{arquillian,
    author = {{JBoss Community}},
    title     = {Arquillian - Write real tests!},
    howpublished  = {Último acceso: 24 Junio 2012, 
    \url{http://www.jboss.org/arquillian.html}},
}

@MISC{jmeter,
    author = {{The Apache Software Fundation}},
    title     = {Apache JMeter},
    howpublished  = {Último acceso: 27 Junio 2012, 
    \url{http://jmeter.apache.org/}},
}

@MISC{visualvm,
    author = {{Oracle}},
    title     = {VisualVM All-in-One Java Troubleshooting Tool},
    howpublished  = {Último acceso: 27 Junio 2012, 
    \url{http://visualvm.java.net/}},
}

@Book{ing_soft_ep,
    author = {{Roger Pressman}},
    title     = {{Ingeniería del Software: Un enfoque practico}},
    publisher = {{McGraw-Hill}},
    year = {2005},
}

@book{disenoTDD,
  title={Diseño Ágil con TDD},
  author={Jurado, C.B.},
  isbn={9781445264714},
  url={http://books.google.cl/books?id=m6PyZwEACAAJ},
  year={2010},
  publisher={Lulu.com}
}


@article{reqPA_back,
  added-at = {2011-11-17T00:00:00.000+0100},
  author = {Estellés, María Isabel Marante and Bria, María Company and Torres, Patricio Letelier and Grueso, Francisco Suárez},
  booktitle = {JISBD},
  editor = {Teniente, Ernest and Abrahão, Silvia},
  isbn = {978-84-92812-51-6},
  keywords = {dblp},
  pages = {61-72},
  publisher = {IBERGARCETA Pub. S.L.},
  timestamp = {2011-11-17T00:00:00.000+0100},
  title = {Gestión de requisitos basada en pruebas de aceptación: Test-Driven en su máxima expresión.},
  year = 2010,
}

@inproceedings{reqPA,
  added-at = {2011-11-17T00:00:00.000+0100},
  author = {Estellés, María Isabel Marante and Bria, María Company and Torres, Patricio Letelier and Grueso, Francisco Suárez},
  biburl = {http://www.bibsonomy.org/bibtex/27e424844f5a9d6e39ce4e6dce90bc0bf/dblp},
  booktitle = {JISBD},
  editor = {Teniente, Ernest and Abrahão, Silvia},
  interhash = {e37b35eee0634d425b64624939c5d440},
  intrahash = {7e424844f5a9d6e39ce4e6dce90bc0bf},
  isbn = {978-84-92812-51-6},
  keywords = {dblp},
  pages = {61-72},
  publisher = {IBERGARCETA Pub. S.L.},
  timestamp = {2011-11-17T00:00:00.000+0100},
  title = {Gestión de requisitos basada en pruebas de aceptación: Test-Driven en su máxima expresión.},
  url = {http://dblp.uni-trier.de/db/conf/jisbd/jisbd2010.html#EstellesBTG10},
  year = 2010,
}
