@MISC{disico,
    author = {{Universidad de Valparaíso}},
    title     = { Dirección de Servicios de Información y Computación},
    howpublished  = {Último acceso: 4 Abril 2012, \url{http://www.disico.uv.cl}},
}

@BOOK{sommerville,
    author={Ian Sommerville},
    title={Ingenieria de Software},
    publisher={Pearson Addison Wesley},
    year={2005},
    note={7ma Edición},
}

@MastersThesis{paloma,
    author  =    {Paloma Méndez},
    type     =    {{Trabajo de Título}},
    title      =    {{Desarrollo de Metodologías de SQA y SCM para la Dirección de Servicios de Información y Computación}},
    school  =    {Universidad de Valparaíso},
    year     =    {2011},
}

@MISC{decreto427,
    author = {{Rectoría de la Universidad de Valparaíso}},
    title     = { Decreto Universitario Nº427},
    howpublished  = {Último acceso: 4 Abril 2012, \url{http://disico.uv.cl/images/docs/decreto427.pdf}},
}

@misc{ieee610.12:1990,
  added-at = {2009-10-14T21:30:02.000+0200},
  author = {{The Institute of Electrical and Eletronics Engineers}},
  biburl = {http://www.bibsonomy.org/bibtex/2e4b14a7b038dad612319f64a3415a341/magsilva},
  howpublished = {IEEE Standard},
  interhash = {80099e674fe84051a6618e333c05d8ff},
  intrahash = {e4b14a7b038dad612319f64a3415a341},
  keywords = {imported},
  month = {September},
  owner = {magsilva},
  timestamp = {2009-10-14T21:30:02.000+0200},
  title = {{IEEE Standard Glossary of Software Engineering Terminology}},
  year = 1990
}

@MISC{helpdesk,
	author = {{Coasin Group}},
	title={{Mesa de Ayuda TI}},
	howpublished  = {Último acceso: 25 Abril 2012, \url{http://www.coasin.cl/index.php?id=246}},
}

@MISC{osticket,
	author = {{osTicket}},
	title={{osTicket Support Ticket System}},
	howpublished  = {Último acceso: 25 Abril 2012, \url{http://osticket.com/}},
}

@MISC{hesk,
	author = {{Hesk}},
	title={{Hesk Software Help}},
	howpublished  = {Último acceso: 25 Abril 2012, \url{http://www.hesk.com}},
}

@MISC{otrs,
	author = {{OTRS Group}},
	title={{OTRS Help Desk}},
	howpublished  = {Último acceso: 25 Abril 2012, \url{http://www.otrs.com/es}},
}

@MISC{SysAid,
	author = {{SysAid Technologies}},
	title={{SysAid IT}},
	howpublished  = {Último acceso: 30 Abril 2012, \url{http://www.sysaid.com}},
}

@MISC{changeGear,
	author = {{Sun View}},
	title={{ChangeGear - Service Desk}},
	howpublished  = {Último acceso: 25 Abril 2012, \url{http://www.sunviewsoftware.com/products/servicedesk.aspx}},
}

@MISC{itil_v3,
    author = {{Osiatis}},
    title     = {{ITIL V3 Gestión de Servicios TI}},
    howpublished  = {Último acceso: 1 Mayo 2012, \url{http://itilv3.osiatis.es/}},
}

@Book{IEEE828,
    author = {{IEEE}},
    title     = {{IEEE Standard for Software Configuration Management Plans}},
    publisher = {{The Institute of Electrical and Electronics Engineers, Inc.}},
    year = {2005},
}

@MISC{glassfish,
    author = {{Oracle Corporation}},
    title     = {GlassFish},
    howpublished  = {Último acceso: 4 Abril 2012, \url{http://glassfish.java.net/es/}},
}

@MISC{hibernate,
    author = {{JBoss Community}},
    title     = {Hibernate},
    howpublished  = {Último acceso: 6 Abril 2012, \url{http://www.hibernate.org/}},
}

@MISC{primefaces,
    author = {{Prime Technology}},
    title     = {PrimeFaces},
    howpublished  = {Último acceso: 7 Abril 2012, \url{http://primefaces.org/}},
}

@MISC{netbeans,
    author = {{Oracle Corporation}},
    title     = {Netbeans},
    howpublished  = {Último acceso: 4 Abril 2012, \url{http://netbeans.org/}},
}

@MISC{sqlserver,
    author = {{Micrososf}},
    title     = {SQL Server},
    howpublished  = {Último acceso: 9 Abril 2012, \url{http://www.microsoft.com/es-es/sqlserver/default.aspx}},
}



