@Webpage{disico,
    author = {{Universidad de Valparaíso}},
    title     = { Dirección de Servicios de Información y Computación},
    url  = {http://www.disico.uv.cl},
    lastchecked = {4 Abril 2012},
}

@MastersThesis{paloma,
    author  =    {Paloma Méndez Soto},
    title      =    {{Desarrollo de Metodologías de SQA y SCM para la Dirección de Servicios de Información y Computación}},
    school  =    {Universidad de Valparaíso},
    type     =    {Trabajo de Título},
    year     =    {2011},
}

@BOOK{hernandez98,
  AUTHOR =       "{Hern\'{a}ndez,  Fern\'{a}ndez,  y  Baptista}",
  TITLE =        "Metodolog\'{\i}a de investigaci\'{o}n",
  PUBLISHER =    "McGraw Hill Interamerican",
  YEAR =         "1998",
  note =     "Segunda Edici\'{o}n",
 }




